%%%
===== First author publications ====
%%%

@inproceedings{tanguy:sii:2016,
  TITLE = {{Closed-loop RGB-D SLAM Multi-Contact Control for humanoid robots (best paper finalist)}},
  AUTHOR = {Tanguy, Arnaud and Gergondet, Pierre and Comport, Andrew I. and Kheddar, Abderrahmane},
  URL = {https://hal.archives-ouvertes.fr/hal-01568048},
  BOOKTITLE = {{IEEE/SICE International Symposium on System Integration (SII)}},
  ADDRESS = {Sapporo, Japan},
  PAGES = {51-57},
  YEAR = {2016},
  MONTH = Dec,
  DOI = {10.1109/SII.2016.7843974},
  KEYWORDS = {Visual SLAM ; Humanoid robotics},
  PDF = {https://hal.archives-ouvertes.fr/hal-01568048/file/iis2016.pdf},
  HAL_ID = {hal-01568048},
  HAL_VERSION = {v1},
}

@inproceedings{tanguy:simpar:2018,
    TITLE = {{Online eye-robot self-calibration}},
    AUTHOR = {Tanguy, Arnaud and Kheddar, Abderrahmane and Comport, Andrew I.},
    URL = {https://hal.archives-ouvertes.fr/hal-01883715},
    BOOKTITLE = {{2018 IEEE International Conference on Simulation, Modeling, and Programming for Autonomous Robots (SIMPAR)}},
    ADDRESS = {Brisbane, France},
    PUBLISHER = {{IEEE}},
    YEAR = {2018},
    MONTH = May,
    DOI = {10.1109/SIMPAR.2018.8376273},
    PDF = {https://hal.archives-ouvertes.fr/hal-01883715/file/simpar2018.pdf},
    HAL_ID = {hal-01883715},
    HAL_VERSION = {v1},
}

@inproceedings{tanguy:icra:2019,
  TITLE = {{Closed-loop MPC with Dense Visual SLAM-Stability through Reactive Stepping}},
  AUTHOR = {Tanguy, Arnaud and De Simone, Daniele and Comport, Andrew I. and Oriolo, Giuseppe and Kheddar, Abderrahmane},
  URL = {https://hal.archives-ouvertes.fr/hal-01883725},
  BOOKTITLE = {{IEEE International Conference on Robotics and Autonmation (ICRA)}},
  YEAR = {2018},
  MONTH = Sep,
  PDF = {https://hal.archives-ouvertes.fr/hal-01883725/file/pre-print.pdf},
  HAL_ID = {hal-01883725},
  HAL_VERSION = {v1},
}

%%%
===== Journals ====
%%%
@article{kheddar:comanoid:2019,
  TITLE = {{Humanoid robots in aircraft manufacturing (best paper award)}},
  AUTHOR = {Kheddar, Abderrahmane and Caron, St{\'e}phane and Gergondet, Pierre and Comport, Andrew and Tanguy, Arnaud and Ott, Christian and Henze, Bernd and Mesesan, George and Englsberger, Johannes and Roa, M{\'a}ximo A and Wieber, Pierre-Brice and Chaumette, Fran{\c c}ois and Spindler, Fabien and Oriolo, Giuseppe and Lanari, Leonardo and Escande, Adrien and Chappellet, K{\'e}vin and Kanehiro, Fumio and RABATE, Patrice},
  URL = {https://hal-lirmm.ccsd.cnrs.fr/lirmm-02303117},
  JOURNAL = {{IEEE Robotics and Automation Magazine}},
  PUBLISHER = {{Institute of Electrical and Electronics Engineers}},
  VOLUME = {26},
  NUMBER = {4},
  PAGES = {30-45},
  YEAR = {2019},
  MONTH = Dec,
  DOI = {10.1109/MRA.2019.2943395},
  KEYWORDS = {visual servoing ; aircraft manufacturing ; SLAM ; whole-body control ; multi-contact planning ; Humanoid robots},
  PDF = {https://hal-lirmm.ccsd.cnrs.fr/lirmm-02303117/file/ram2019.pdf},
  HAL_ID = {lirmm-02303117},
  HAL_VERSION = {v1},
}

@article{wang:ijrr:2020,
  TITLE = {{Impact-Aware Task-Space Quadratic-Programming Control}},
  AUTHOR = {Wang, Yuquan and Dehio, Niels and Tanguy, Arnaud and Kheddar, Abderrahmane},
  URL = {https://hal.archives-ouvertes.fr/hal-02741682},
  JOURNAL = {The International Journal of Robotics Research (submitted)},
  NOTE = {Best paper},
  YEAR = {2020},
  MONTH = Jun,
  DOI = {10.1177/ToBeAssigned},
  KEYWORDS = {humanoids ; quadratic optimization control ; Task-space control ; impact tasks},
  PDF = {https://hal.archives-ouvertes.fr/hal-02741682/file/ijrr-paper.pdf},
  HAL_ID = {hal-02741682},
  HAL_VERSION = {v1},
}

%%%%
=== Conferences ===
%%%%

@inproceedings{wang:humanoids:2019,
  TITLE = {{Impact-aware humanoid robot motion generation with a quadratic optimization controller}},
  AUTHOR = {Wang, Yuquan and Tanguy, Arnaud and Gergondet, Pierre and Kheddar, Abderrahmane},
  URL = {https://hal.archives-ouvertes.fr/hal-02446116},
  BOOKTITLE = {{IEEE Humanoids}},
  ADDRESS = {Toronto, Canada},
  YEAR = {2019},
  MONTH = Oct,
  PDF = {https://hal.archives-ouvertes.fr/hal-02446116/file/paper_R2.pdf},
  HAL_ID = {hal-02446116},
  HAL_VERSION = {v2},
}

@inproceedings{samadi:icra:2020,
  TITLE = {{Balance of Humanoid robot in Multi-contact and Sliding Scenarios}},
  AUTHOR = {SAMADI, SAEID and Caron, St{\'e}phane and Tanguy, Arnaud and Kheddar, Abderrahmane},
  URL = {https://hal.archives-ouvertes.fr/hal-02297879},
  BOOKTITLE = {{IEEE International Conference on Robotics and Autonmation (ICRA) - submitted}},
  YEAR = {2019},
  MONTH = Sep,
  KEYWORDS = {Humanoid and multi-legged robots ; sliding contacts ; balance ; multi-contacts},
  PDF = {https://hal.archives-ouvertes.fr/hal-02297879/file/slidingContact.pdf},
  HAL_ID = {hal-02297879},
  HAL_VERSION = {v1},
}

@inproceedings{djeha:iros:2020,
  TITLE = {{Adaptive-Gains Enforcing Constraints in Closed-Loop QP Control}},
  AUTHOR = {Djeha, Mohamed and Tanguy, Arnaud and Kheddar, Abderrahmane},
  URL = {https://hal.archives-ouvertes.fr/hal-02490195},
  BOOKTITLE = {{IEEE/RSJ International Conference on Intelligent Robots and Systems (IROS) - submitted}},
  YEAR = {2020},
  MONTH = Jun,
  PDF = {https://hal.archives-ouvertes.fr/hal-02490195/file/revised_RAL_DJEHA.pdf},
  HAL_ID = {hal-02490195},
  HAL_VERSION = {v2},
}
  
@inproceedings{qin:iros:2020,
  TITLE = {{Vision-based Belt Manipulation by Humanoid Robot}},
  AUTHOR = {Qin, Yili, and Tanguy, Arnaud and Escande, Adrien and Yoshida, Eiichi},
  BOOKTITLE = {{IEEE/RSJ International Conference on Intelligent Robots and Systems (IROS) - submitted}},
  YEAR = {2020},
  MONTH = Jun,
}

@inproceedings{tsuru:rmc:2020,
  TITLE = {{Online Object Searching with Humanoid Robot by 3D-SLAM and 6DoF Object Detection}},
  AUTHOR = {Tsuru, Masato and Tanguy, Arnaud and Harada, Kensuke and Escande, Adrien},
  BOOKTITLE = {{The Robotics and Mechatronics Conference}},
  YEAR = {2020},
}
